@book{haykin2005adaptive,
  title={Adaptive Filter Theory, 4/e},
  author={Haykin, Simon S},
  year={2005},
  publisher={Pearson Education India}
}

@inproceedings{shan2004real,
  title={Real time hand tracking by combining particle filtering and mean shift},
  author={Shan, Caifeng and Wei, Yucheng and Tan, Tieniu and Ojardias, Fr{\'e}d{\'e}ric},
  booktitle={Automatic Face and Gesture Recognition, 2004. Proceedings. Sixth IEEE International Conference on},
  pages={669--674},
  year={2004},
  organization={IEEE}
}
@Misc{latexbeauty,
  howpublished = {\url{http://nitens.org/taraborelli/latex}}}

@Misc{texlive,
  howpublished = {\url{http://www.tug.org/texlive/}}}

@Misc{xetex,
  howpublished = {\url{http://en.wikipedia.org/wiki/XeTeX}}}

